75600000         248875744000186                    0411900000000123456SUCO DE LARANJA E LIM         SICOOB                                  12810201920442400001108100000                                                                     
75600011R01  040 2048875744000186                    0411900000000266060 SUCO DE LARANJA E LIM                                                                                         000000112810201900000000                                 
7560001300001P 010411900000000266060 000000111001014     10 2200000022/1     2811201900000000001500000000 02A2810201922911201900000000000010000000000000000000000000000000000000000000000000000150099                       1050   090000000000 
7560001300002Q 011000012345678909CLODOALDO JAVIER GOMEZ                  AV GOVERNADOR WALADARES 1234            CENTRO         38610000UNAI           MG0000000000000000                                        000                            
7560001300003R 01000000000000000000000000000000000000000000000000229112019000000000000200          PARCELAMENTO DE OS NOTA N° '01'    PRACA                                                            0000000000000000 000000000000  0         
7560001300004S 013PARCELAMENTO DE OS NOTA N° '01'    PRACA DE PAGAMENTO UNAI MG                                                                                                                                                                 
75600015         00000600000100000000000000000000000000000000000000000000000000000000000000000000000000000000000000                                                                                                                             
75699999         000001000008000000                                                                                                                                                                                                             

